@book{Dario Alejandro Alpern,
  title={EL microprocesador 8085},
  author={Dario, A},
  url={https://www.alpertron.com.ar/8085.HTM},
}


@book{Daniel Ulises Campos Delgado,
  title={El controlador de interrupciones 8259},
  author={Daniel Ulises Campos Delgado},
  url={http://galia.fc.uaslp.mx/~cantocar/ARQUI_COM_II/LIBRO%20IBM-PC/1204.htm},
}

@book{Sergio de Cola,
  title={Interrupciones},
  author={Sergio de Cola},
  url={https://www.fing.edu.uy/tecnoinf/mvd/cursos/arqcomp/material/teo/arq-teo08.pdf},
}

@book{Margaret Rouse,
  title={Polled Interrupt},
  author={Margaret Rouse},
  url={https://whatis.techtarget.com/definition/polled-interrupt},
}

@book{John Alexader Sanabria,
  title={C01   -   S05   -   Gesti ́on   de   interrupciones},
  author={ohn   alexander   sanabria   ordonez},
  url={https://www.youtube.com/watch?v=APcRnkFqEbQ&t=173s},
}

@book{John Alexader Sanabria,
  title={C01   -   S05   -   Gesti ́on   de   interrupciones},
  author={ohn   alexander   sanabria   ordonez},
  url={https://www.youtube.com/watch?v=diTkgh8ndsU},
}




